3192 5234
357 2841 515 2914 λων,
574 2809 817 2905 πάντων
878 2809 963 2906 ἆῗι
1010 2822 1542 2939 ἆπψρῶὅντων,
1602 2860 1671 2927 oq
1732 2854 2060 2926 'rum-ms
2125 2814 2433 2933 ὃιετκρῖαο

355 3055 639 3119 tationem
665 3056 753 3120 eis
786 3056 874 3120 rei
912 3057 1211 3158 gerendae,
1237 3054 1347 3122 sti·
1441 3070 1503 3122 et
1556 3058 1921 3122 humanitate
1966 3053 2433 3120 commendatur.

355 3140 708 3224 mulumque
764 3142 1104 3243 injimente:
1167 3144 1349 3208 altera
1441 3140 1757 3220 Inciderat,
1785 3158 1854 3206 ut
1871 3144 2060 3219 aiunt,
2085 3141 2335 3207 maritus
2362 3162 2434 3204 e-

356 3226 430 3289 a‘d
454 3248 583 3291 rem
608 3224 1035 3292 conficiendam
1059 3228 1347 3295 auxilium
1435 3229 1542 3328 jus
1586 3232 1653 3293 in
1694 3228 1930 3292 metalla
1973 3227 2140 3291 auri:
2188 3241 2250 3289 et
2284 3246 2436 3311 quas

356 3312 601 3375 serente.
694 3311 862 3377 Cum
902 3329 1101 3378 autem
1144 3316 1347 3402 magni
1445 3315 1583 3378 inde
1645 3312 2107 3397 consequebatur
2174 3311 2442 3393 divitias,

358 3397 609 3465 honores
640 3412 700 3461 et
732 3399 886 3463 dona
910 3399 1104 3483 ampla
1131 3383 1349 3465 Xeno·
1446 3423 1571 3465 non
1620 3398 1916 3463 moderate
1962 3419 2060 3461 am
2060 3397 2293 3481 plexus,
2341 3397 2438 3464 sed

357 3485 521 3549 critae
552 3481 935 3564 offerrentur,
975 3486 1251 3549 omnibus
1280 3508 1350 3553 ea
1446 3486 1731 3570 inexpleti
1772 3485 1956 3549 animi
2000 3482 2196 3549 studio
2244 3481 2439 3568 perse-

357 3570 677 3652 repudiatis
706 3572 821 3637 hoc
849 3571 1041 3655 petiit,
1081 3585 1152 3634 ut
1178 3572 1349 3636 Aris·
1445 3592 1660 3654 quens,
1686 3590 1827 3634 cum
1854 3570 1971 3654 ipse
1992 3569 2164 3653 supra
2187 3568 2441 3635 modum

355 3656 573 3720 todemi
598 3655 843 3720 cadaver
873 3655 978 3721 fibi
1007 3656 1242 3739 sepelire
1269 3657 1350 3721 li.-
1446 3659 1501 3722 ei
1547 3657 1795 3757 negotio
1830 3656 2092 3732 vacabat,
2131 3656 2262 3719 t'urn
2295 3657 2442 3721 uni·

354 3756 531 3805 teret.
604 3740 832 3826 Neque
872 3745 987 3807 hoc
1028 3757 1263 3806 tantum
1312 3766 1349 3808 a
1444 3740 1645 3807 versos
1691 3744 1855 3806 cives
1900 3764 1977 3806 eo
2026 3739 2308 3808 akinetos
2357 3762 2440 3807 ex

352 3828 588 3891 civibus
621 3828 980 3911 impetravit,
1010 3825 1103 3892 sed
1127 3844 1188 3891 et
1216 3824 1346 3892 Ce-
1445 3849 1633 3913 aequo
1660 3827 1876 3907 fodere,
1909 3838 2014 3892 aut
2038 3847 2073 3889 e
2117 3847 2307 3906 erere,
2333 3838 2443 3892 aut

351 3914 497 3977 reris
518 3935 652 3978 eam
679 3912 1032 3977 sacerdotem
1050 3913 1343 3978 fecerunt:
1444 3934 1701 4014 purgare
1718 3935 1929 3977 aurum
1949 3934 2100 4013 coge
2141 3927 2222 3991 at,
2244 3913 2444 3976 omni·

354 4000 462 4062 rati
492 4001 654 4063 hunc
683 4000 971 4063 honorem
996 4021 1122 4062 non
1146 4001 1345 4064 minus
1444 4002 1559 4064 bus
1596 3998 1727 4062 aliis
1768 3997 2103 4065 ustionibus
2131 4018 2244 4081 ope
2246 3990 2442 4060 ribus-

354 4098 591 4233 ἵζει-ππ
611 4085 761 4163 deae,
790 4108 971 4169 quam
996 4084 1346 4151 Xenocritae
1444 4106 1565 4170 que
1591 4084 1858 4168 prorsum
1886 4105 1963 4148 ne
2005 4018 2244 4146 1οᾶὶίε.Ρ·ε
2255 4078 2442 4144 Mul·
2474 4112 2486 4125 ›
2596 4158 2606 4169 ·

498 4193 635 4235 rum
661 4172 806 4234 fore.
1442 4173 1523 4235 tis
1550 4185 1681 4236 tum
1710 4186 1977 4255 pereuntx
2023 4189 2115 4246 uS,
2140 4165 2441 4231 omnibus·

401 4253 696 4321 XXVII
786 4254 1058 4322 PYTms
1104 4274 1315 4322 uxon
1444 4278 1567 4343 que
1612 4258 1881 4321 animum
1930 4250 2443 4350 despondentibus,

440 4338 648 4429 Pythis
710 4362 955 4442 quoque
1003 4363 1179 4420 uxor,
1239 4342 1346 4426 qui
1444 4341 1721 4407 muheres
1741 4341 1855 4406 ad
1827 4361 2078 4425 januam
2101 4335 2442 4437 Pythisux-

358 4423 580 4496 Xems
611 4441 785 4494 aetate
807 4429 984 4510 vixit,
1008 4450 1044 4492 a
1069 4427 1350 4513 sapientia
1445 4429 1567 4496 oris
1617 4424 1729 4494 sese
1776 4424 2178 4503 contulerunt,
2232 4421 2441 4509 ibique
